@Article{ Leskovec,
       author = {Jure Leskovec and Dan Jurafsky},
       title = {No Country for Old Members: User Lifecycle and Linguistic Change in Online Communities},
       journal = {WWWW '13},
       year = {2013},
       }
       